<?xml version="1.0" encoding="UTF-8"?><collection><record><leader>08726ntm a2200637 a 4500</leader><controlfield tag="001">006818229</controlfield><controlfield tag="003">MiAaHDL</controlfield><controlfield tag="005">20190719000000.0</controlfield><controlfield tag="006">m        d        </controlfield><controlfield tag="007">cr bn ---auaua</controlfield><controlfield tag="008">090612s1806    tu            00| ||ota d</controlfield><datafield tag="035" ind1=" " ind2=" "><subfield code="a">(MiU)006818229</subfield></datafield><datafield tag="035" ind1=" " ind2=" "><subfield code="a">sdr-miu006818229</subfield></datafield><datafield tag="040" ind1=" " ind2=" "><subfield code="a">MiU</subfield><subfield code="c">MiU</subfield><subfield code="e">amremm</subfield></datafield><datafield tag="041" ind1="0" ind2=" "><subfield code="a">ota</subfield></datafield><datafield tag="043" ind1=" " ind2=" "><subfield code="a">n-us-mi</subfield></datafield><datafield tag="100" ind1="0" ind2=" "><subfield code="6">880-01</subfield><subfield code="a">Erzurumlu İbrâhim Hakkı,</subfield><subfield code="d">1703-1780?</subfield></datafield><datafield tag="245" ind1="1" ind2="0"><subfield code="6">880-03</subfield><subfield code="a">Marifetname,</subfield><subfield code="f">[1220, i.e. 1806].</subfield></datafield><datafield tag="260" ind1=" " ind2=" "><subfield code="a">[Erzurum?,</subfield><subfield code="c">1806].</subfield></datafield><datafield tag="300" ind1=" " ind2=" "><subfield code="a">366 leaves :</subfield><subfield code="b">paper ;</subfield><subfield code="c">305 x 200 (200 x 100) mm.</subfield></datafield><datafield tag="500" ind1=" " ind2=" "><subfield code="a">Shelfmark: Ann Arbor, University of Michigan, Special Collections Library, Isl. Ms. 826</subfield></datafield><datafield tag="500" ind1=" " ind2=" "><subfield code="a">Accompanying materials: Scrap from a printed page between pp.62-63.</subfield></datafield><datafield tag="500" ind1=" " ind2=" "><subfield code="a">Origin: As appears in colophon on p.728, copied by Mustafa bin Abdullah ( مصطفى بن عبد الله ), resident of Erzurum, with transcription completed Dhū al-Ḥijjah 1220 [February-March 1806]. As appears in preceding authorial colophon, composition completed 1170 [1756 or 7].</subfield></datafield><datafield tag="500" ind1=" " ind2=" "><subfield code="a">Binding: Pasteboards covered in dark red-brown leather ; Type II binding (with flap) ; pastedowns and flyleaves in blue wove paper ; upper and lower covers carry stamped, scalloped mandorla (filled with vegetal composition) and pendants (lower cover retains onlays), as well as blind-tooled border ; sewn in black thread, two stations ; worked chevron endbands in purple and yellow, good condition ; overall in fair condition with some abrasion, staining, lifting of leather, negative draw in upper cover, fore edge flap small and ill-fitting, etc. ; repairs to spine in dark brown leather.</subfield></datafield><datafield tag="500" ind1=" " ind2=" "><subfield code="a">Support: European laid paper ; mainly with 9-10 laid lines per cm. (horizontal), chain lines spaced 25-28 mm. apart (vertical), watermark of three hats (see p.7, 32, 420, 730, etc.) ; another type with 9 laid lines per cm. (horizontal), chain lines spaced 28 mm. apart (vertical), and watermark of large griffin (see p.24) ; all sturdy and well-burnished ; minor pigment burn at gold frames.</subfield></datafield><datafield tag="500" ind1=" " ind2=" "><subfield code="a">Decoration: Illuminated headpiece (ʻunwān / sarlawḥ) at opening of text on p.26 consisting of rectangular piece with empty cartouche defined by gold flanking pieces, surmounted by scalloped w-shaped piece filled with swirling floral vegetal decoration in white, green, red, yellow, and pink on a gold ground, itself surmounted by vertical stalks (tīgh) in black and set in a well of orange, yellow and gold bands ; simple illuminated headpieces appear at opening of table of contents (p.4) and other sections throughout ; written area throughout surrounded by gold frame defined by black fillets ; keywords and section headings rubricated ; textual dividers in the form of red inverted commas ; occasional overlining in red ; illustrations of cosmic maps with Kaʻbah and Ḥaram at Jerusalem on pp.52-53 (compare British Library Or. 12964, fol.23b-23a, reproduced in Milstein, "The evolution of a visual motif: the Temple and the Kaʻba," pp.37-38), charts and diagrams of the different levels of being, celestial spheres, earth, lunar cycles, eclipses, fixed stars, and other astronomical topics mainly in pink, yellow, orange, lavender, light blue, green, gold and black with some tables in red and black (see p.62, 80, 81, 88, 92, 130, 133, 134, 135, 136, 150, 154, 155, 156, 157, 167, 169, 172, 181, 182, 182, 184, 193, 194, 195, 196, 197, 198, 209, 217).</subfield></datafield><datafield tag="500" ind1=" " ind2=" "><subfield code="a">Script: Naskh ; clear, compact hand in a bold line ; serifless with slight effect of tilt to the left, pointing (for two and three dots) often in strokes rather than distinct dots, curvilinear but somewhat angular descenders.</subfield></datafield><datafield tag="500" ind1=" " ind2=" "><subfield code="a">Layout: Written in 35 lines per page, occasionally divided to two columns to set off verses ; frame-ruled.</subfield></datafield><datafield tag="500" ind1=" " ind2=" "><subfield code="a">Collation: i, V+1 (11), 21 V(221), V+1 (232), 4 V(272), IV (280), 8 V(360), III (366), i ; chiefly quinions ; catchwords present ; foliation in red ink, Hindu-Arabic numerals ; pagination in pencil, Western numerals, supplied during digitization (includes flyleaves and skips two pages between pp.47-48).</subfield></datafield><datafield tag="500" ind1=" " ind2=" "><subfield code="a">Colophon: "Authorial," reads "تأليف هذا الكتاب وقع فى تاريخ غقع ١١٧۰ نفع من به انفع" ; "Scribal," triangular, reads "قد تم تحرير هذا الكتاب المستطاب ... بعناية الملك الوهاب المسمى بمعرفتنامه الذى فوائده كثيرة للخلايق عامه من تأليف العالم العامل ... السيد الحاج ابراهيم الحقى الفقير الحليم السليم رحمة الله الرؤف الرحيم خليفة حضرت الشيخ سيدنا فقير الله قدس الله اسرارهم ... على يد الحقير الذليل الفقير المحتاج الى عناية الله الكريم مصطفى بن عبد الله الساكن في بلده ارزن الروم صان الله تعالى اهلها عن الافات والهموم ... فى شهر ى ذ [ذى] الحجة من سنة عشرون [كذا] ومائتين بعد الالف من هجرة من له العز والسعادة والشرف ... انك سميع قريب مجيب الدعوات ارحم بفضلك يا رب العالمين م م م"</subfield></datafield><datafield tag="500" ind1=" " ind2=" "><subfield code="a">Explicit: "ختمت هذا الكتاب بمناجات العارفين نظم حقى يه اولمز اوغلدر بو كتاب ... بو كتاب اوقيانى يازانى معرفت كنجيله باى ايت يا غنى تأليف هذا الكتاب وقع فى تاريخ غقع نفع من به انفع"</subfield></datafield><datafield tag="500" ind1=" " ind2=" "><subfield code="a">Incipit: "حمد بى حد وشكر بى عد وثناى مؤيد بر واحد فرد احد حضرتلرينه اولسونكه هر شان اكوانى علم ازليسيله مقدر ومبين قلوب ... بو حقير فقير حقيقى ابراهيم حقى اول عزيز شريف مخدومى السيد احمد نعيمى ايچون ... چونكه بو كتاب شريفك نظامى بو اسلوب لطيف اوزره تمام اولوب نظر قبولله مطالعه ايدنلرى حقيقت معرفت مولايه مطلع ايتمشدر پس بوكا معرفتنامه نام اولوب تاريخ اختتام بيك يوز يتمشه يتمشدر بيت دير بو تأليفنه حقى تاريخ معرفتنامه ده بيل ربكى هو"</subfield></datafield><datafield tag="500" ind1=" " ind2=" "><subfield code="a">Title from opening matter on p.27 and colophon on p.728.</subfield></datafield><datafield tag="500" ind1=" " ind2=" "><subfield code="a">Ms. codex.</subfield></datafield><datafield tag="510" ind1="4" ind2=" "><subfield code="a">Milstein, Rachel. "The evolution of a visual motif: the Temple and the Kaʻba." In Israel Oriental Studies XIX, ed. Albert Arazi, Joseph Sadan, and David J. Wasserstein. (Tel Aviv: Eisenbrauns, 1999):</subfield><subfield code="c">pp.23-48.</subfield></datafield><datafield tag="510" ind1="4" ind2=" "><subfield code="a">Brit. Mus. Catalogue of Turkish MSS,</subfield><subfield code="c">p.115 f.</subfield></datafield><datafield tag="520" ind1="8" ind2=" "><subfield code="a">Fine copy of the classical encyclopedic work by Erzurumlu (Erzurumî) İbrâhim Hakkı (d.1780) addressing topics chosen from geography, astronomy and the natural sciences, as well as theology and Sufism. Table of contents at opening (pp.4-23). Followed by a copy of brief letter from İbrâhim Hakkı to one of his brethren (pp.729-730).</subfield></datafield><datafield tag="538" ind1=" " ind2=" "><subfield code="a">Mode of access: Internet.</subfield></datafield><datafield tag="541" ind1=" " ind2=" "><subfield code="a">Purchased in Cairo, 1933/34.</subfield></datafield><datafield tag="546" ind1=" " ind2=" "><subfield code="a">Ottoman Turkish.</subfield></datafield><datafield tag="561" ind1=" " ind2=" "><subfield code="a">Spine label with possible former shelfmark ; inscription in pencil on verso of front flyleaf "Turkish Astronomy from Rıza Nasrullah in Constantinople" ; former owners' mark (statement with faint oval seal impression) on recto of leaf carrying opening of table of contents (p.3).</subfield></datafield><datafield tag="630" ind1="0" ind2="0"><subfield code="a">Qurʼan</subfield><subfield code="x">Geography</subfield><subfield code="v">Early works to 1800.</subfield></datafield><datafield tag="650" ind1=" " ind2="0"><subfield code="a">Manuscripts, Turkish</subfield><subfield code="z">Michigan</subfield><subfield code="z">Ann Arbor.</subfield></datafield><datafield tag="650" ind1=" " ind2="0"><subfield code="a">Sufism</subfield><subfield code="x">Doctrines</subfield><subfield code="v">Early works to 1800.</subfield></datafield><datafield tag="650" ind1=" " ind2="0"><subfield code="a">Islam</subfield><subfield code="x">Doctrines</subfield><subfield code="v">Early works to 1800.</subfield></datafield><datafield tag="650" ind1=" " ind2="0"><subfield code="a">Astronomy</subfield><subfield code="v">Early works to 1800.</subfield></datafield><datafield tag="650" ind1=" " ind2="0"><subfield code="a">Encyclopedias and dictionaries, Turkish</subfield><subfield code="v">Early works to 1800.</subfield></datafield><datafield tag="700" ind1="0" ind2=" "><subfield code="6">880-07</subfield><subfield code="a">Mustafa bin Abdullah,</subfield><subfield code="d">fl. 1806,</subfield><subfield code="e">scribe.</subfield></datafield><datafield tag="700" ind1="0" ind2="2"><subfield code="6">880-06</subfield><subfield code="a">Erzurumlu İbrâhim Hakkı,</subfield><subfield code="d">1703-1780?</subfield><subfield code="t">Mektup İbrâhim Hakkı ilâ bazı ihvanih.</subfield></datafield><datafield tag="740" ind1="0" ind2="2"><subfield code="a">Vasiyetname-yi Hakkı</subfield></datafield><datafield tag="740" ind1="0" ind2="2"><subfield code="a">وصيت نامه حقى</subfield></datafield><datafield tag="773" ind1="0" ind2=" "><subfield code="a">Tracy W. McGregor Collection of Arabic, Persian, and Turkish Mathematical and Astronomical Manuscripts.</subfield></datafield><datafield tag="880" ind1="0" ind2=" "><subfield code="6">700-07/</subfield><subfield code="a">مصطفى بن عبد الله,</subfield><subfield code="e">ناسخ.</subfield></datafield><datafield tag="880" ind1="0" ind2="2"><subfield code="6">700-06/</subfield><subfield code="a">ارضروملى ابراهيم حقى.</subfield><subfield code="t">مكتوب ابراهيم حقى الى بعض اخوانه.</subfield></datafield><datafield tag="880" ind1="1" ind2="0"><subfield code="6">245-03/</subfield><subfield code="a">معرفتنامه,</subfield><subfield code="f">[1220ه, 1806م].</subfield></datafield><datafield tag="880" ind1="0" ind2=" "><subfield code="6">100-01/</subfield><subfield code="a">ارضروملى ابراهيم حقي.</subfield></datafield><datafield tag="CID" ind1=" " ind2=" "><subfield code="a">006818229</subfield></datafield><datafield tag="DAT" ind1="0" ind2=" "><subfield code="a">20190719102639.0</subfield><subfield code="b">20190719000000.0</subfield></datafield><datafield tag="DAT" ind1="1" ind2=" "><subfield code="a">20190719090653.0</subfield><subfield code="b">2019-07-19T16:12:08Z</subfield></datafield><datafield tag="DAT" ind1="2" ind2=" "><subfield code="a">2019-02-26T19:00:03Z</subfield></datafield><datafield tag="CAT" ind1=" " ind2=" "><subfield code="a">SDR-MIU</subfield><subfield code="d">EX LIBRIS - ALEPH</subfield><subfield code="l">prepare.pl-004-008</subfield></datafield><datafield tag="FMT" ind1=" " ind2=" "><subfield code="a">BK</subfield></datafield><datafield tag="HOL" ind1=" " ind2=" "><subfield code="0">sdr-miu006818229</subfield><subfield code="a">MiU</subfield><subfield code="b">SDR</subfield><subfield code="c">MIU</subfield><subfield code="p">mdp.39015079129824</subfield><subfield code="s">MIU</subfield><subfield code="1">006818229</subfield></datafield><datafield tag="974" ind1=" " ind2=" "><subfield code="b">MIU</subfield><subfield code="c">MIU</subfield><subfield code="d">20190719</subfield><subfield code="s">lit-dlps-dc</subfield><subfield code="u">mdp.39015079129824</subfield><subfield code="y">1806</subfield><subfield code="r">pd</subfield><subfield code="q">bib</subfield><subfield code="t">non-US bib date1 &lt; 1879</subfield></datafield></record></collection>